<record><leader>00000cas a22000007a 4500</leader><controlfield tag="001">10860499</controlfield><controlfield tag="008">840619c18699999iauwr ne      0    0eng d</controlfield><datafield ind1=" " ind2=" " tag="010"><subfield code="a">sn 84027079 </subfield></datafield><datafield ind1=" " ind2=" " tag="040"><subfield code="a">NPU</subfield><subfield code="b">eng</subfield><subfield code="c">NPU</subfield><subfield code="d">NPX</subfield><subfield code="d">INP</subfield><subfield code="d">OCLCQ</subfield></datafield><datafield ind1=" " ind2=" " tag="042"><subfield code="a">msc</subfield></datafield><datafield ind1="0" ind2="0" tag="245"><subfield code="a">Wright County monitor.</subfield></datafield><datafield ind1=" " ind2=" " tag="260"><subfield code="a">Clarion, Wright County, Iowa :</subfield><subfield code="b">W.F. Smith,</subfield><subfield code="c">1869-</subfield></datafield><datafield ind1=" " ind2=" " tag="300"><subfield code="a">v.</subfield></datafield><datafield ind1=" " ind2=" " tag="310"><subfield code="a">Weekly</subfield></datafield><datafield ind1="0" ind2=" " tag="362"><subfield code="a">Vol. 1, no. 1 (Mar. 31, 1869)-</subfield></datafield><datafield ind1=" " ind2=" " tag="500"><subfield code="a">Editor: G.E. Hathaway, &lt;1876&gt;.</subfield></datafield><datafield ind1=" " ind2=" " tag="500"><subfield code="a">Publisher varies.</subfield></datafield><datafield ind1=" " ind2=" " tag="500"><subfield code="a">"Republican," &lt;1876&gt;.</subfield></datafield><datafield ind1=" " ind2=" " tag="752"><subfield code="a">United States</subfield><subfield code="b">Iowa</subfield><subfield code="c">Wright</subfield><subfield code="d">Clarion.</subfield></datafield><datafield ind1="0" ind2="5" tag="780"><subfield code="t">Goldfield gazette</subfield><subfield code="w">(DLC)sn 88059592</subfield></datafield><datafield ind1="1" ind2=" " tag="029"><subfield code="a">AU@</subfield><subfield code="b">000025787231</subfield></datafield></record>